<?xml version="1.0" encoding="UTF-8"?><collection xmlns="http://www.loc.gov/MARC21/slim"><record><leader>00556nam--2200193-i-4500</leader><controlfield tag="001">000014532</controlfield><controlfield tag="002">20161230</controlfield><controlfield tag="005">20161230201030</controlfield><controlfield tag="008">060222s1000------------r-----000-0-eng-d</controlfield><datafield ind1=" " ind2=" " tag="040"><subfield code="a">IFIN-HH</subfield></datafield><datafield ind1=" " ind2=" " tag="080"><subfield code="a">519.216(075.9)</subfield></datafield><datafield ind1="1" ind2=" " tag="100"><subfield code="a">Cinlar, E./S.A.</subfield></datafield><datafield ind1="1" ind2="0" tag="245"><subfield code="a">Seminar on stochastic processes, 1981</subfield><subfield code="c">E. Cinlar ; K.L. Chung ; R.K. Getoor (Eds.)</subfield></datafield><datafield ind1=" " ind2=" " tag="260"><subfield code="a">Boston, Birkhauser, 1981</subfield></datafield><datafield ind1=" " ind2=" " tag="300"><subfield code="a">242 p</subfield></datafield><datafield ind1=" " ind2=" " tag="490"><subfield code="a">Progress In Probability And Statistics</subfield><subfield code="v">vol. 1</subfield></datafield><datafield ind1="1" ind2=" " tag="700"><subfield code="a">Getoor, R.K</subfield></datafield><datafield ind1=" " ind2=" " tag="852"><subfield code="a">71357</subfield><subfield code="c">519.2</subfield></datafield><datafield ind1=" " ind2=" " tag="CAT"><subfield code="a">Sys</subfield><subfield code="c">20100610</subfield><subfield code="h">113259</subfield></datafield></record></collection>